<?xml version="1.0" encoding="UTF-8"?><collection xmlns="http://www.loc.gov/MARC21/slim"><record><leader>00687nam--2200193-i-4500</leader><controlfield tag="001">000038380</controlfield><controlfield tag="002">20161230</controlfield><controlfield tag="005">20161230201041</controlfield><controlfield tag="008">060222s1000------------r-----000-0-ita-d</controlfield><datafield ind1=" " ind2=" " tag="040"><subfield code="a">IFIN-HH</subfield></datafield><datafield ind1=" " ind2=" " tag="041"><subfield code="a">ita</subfield></datafield><datafield ind1=" " ind2=" " tag="080"><subfield code="a">530.1</subfield></datafield><datafield ind1="1" ind2=" " tag="110"><subfield code="a">Societa Italiana Di Fisica</subfield></datafield><datafield ind1="1" ind2="0" tag="245"><subfield code="a">Rendiconti della scuola internazionale di fisica enrico fermi corso x: termodinamica dei processi ireversibili. thermodynamics of irreversible processes. varenna sul lago di como villa monastero 15-27 giugno 1959</subfield><subfield code="c">Direttore: s.r. de groot</subfield></datafield><datafield ind1=" " ind2=" " tag="260"><subfield code="a">Bologna</subfield><subfield code="b">Nicola Zanichelli - Editore</subfield><subfield code="c">1960</subfield></datafield><datafield ind1=" " ind2=" " tag="300"><subfield code="a">317P</subfield></datafield><datafield ind1="1" ind2=" " tag="700"><subfield code="a">Groot, S.R. De</subfield></datafield><datafield ind1=" " ind2=" " tag="852"><subfield code="a">1874</subfield><subfield code="c">53</subfield></datafield><datafield ind1=" " ind2=" " tag="CAT"><subfield code="a">Sys</subfield><subfield code="c">20150108</subfield><subfield code="h">181015</subfield></datafield></record></collection>